<?xml version="1.0" encoding="UTF-8"?><collection xmlns="http://www.loc.gov/MARC21/slim"><record><leader>00416nam--2200133-i-4500</leader><controlfield tag="001">000039202</controlfield><controlfield tag="002">20161230</controlfield><controlfield tag="005">20161230201042</controlfield><controlfield tag="008">060222s1000------------r-----000-0-eng-d</controlfield><datafield ind1=" " ind2=" " tag="080"><subfield code="a">621.391</subfield></datafield><datafield ind1=" " ind2=" " tag="100"><subfield code="a">Robinson, Enders A</subfield></datafield><datafield ind1=" " ind2=" " tag="245"><subfield code="a">Statistical communication and detection with special reference to digital data processing of radar and seismic signals</subfield></datafield><datafield ind1=" " ind2=" " tag="260"><subfield code="a">London, Griffin, 1967, Xvii + 362p</subfield></datafield><datafield ind1=" " ind2=" " tag="852"><subfield code="a">31836</subfield></datafield></record></collection>